<?xml version="1.0" encoding="UTF-8"?><record xmlns="http://www.loc.gov/MARC21/slim" xmlns:cinclude="http://apache.org/cocoon/include/1.0" xmlns:zs="http://www.loc.gov/zing/srw/">
  <leader>00534cz  a2200145n  4500</leader>
  <controlfield tag="001">n  87816571 </controlfield>
  <controlfield tag="003">DLC</controlfield>
  <controlfield tag="005">20080402075932.0</controlfield>
  <controlfield tag="008">870318n| acannaabn          |n aaa     c</controlfield>
  <datafield tag="010" ind1=" " ind2=" ">
    <subfield code="a">n  87816571 </subfield>
  </datafield>
  <datafield tag="035" ind1=" " ind2=" ">
    <subfield code="a">(OCoLC)oca01813259</subfield>
  </datafield>
  <datafield tag="040" ind1=" " ind2=" ">
    <subfield code="a">ICU</subfield>
    <subfield code="b">eng</subfield>
    <subfield code="c">ICU</subfield>
    <subfield code="d">OCoLC</subfield>
  </datafield>
  <datafield tag="100" ind1="1" ind2=" ">
    <subfield code="a">Monroe, Walter Scott,</subfield>
    <subfield code="d">1882-1961</subfield>
  </datafield>
  <datafield tag="670" ind1=" " ind2=" ">
    <subfield code="a">LCCN 17-30012: His Development of arithmetic as a school subject, 1917</subfield>
    <subfield code="b">(hdg.: Monroe, Walter Scott, 1882-1961; usage: Walter Scott Monroe)</subfield>
  </datafield>
  <datafield tag="670" ind1=" " ind2=" ">
    <subfield code="a">LC data base, 3-13-87</subfield>
    <subfield code="b">(hdg.: Monroe, Walter Scott, 1882-1961)</subfield>
  </datafield>
</record>